<record><leader>00000cas a2200000 a 4500</leader><controlfield tag="001">26921499</controlfield><controlfield tag="008">921105d19491950caudn ne      0    0eng c</controlfield><datafield ind1=" " ind2=" " tag="010"><subfield code="a">sn 92069509 </subfield></datafield><datafield ind1=" " ind2=" " tag="040"><subfield code="a">CUY</subfield><subfield code="b">eng</subfield><subfield code="c">CNK</subfield><subfield code="d">OCLCQ</subfield><subfield code="d">CNK</subfield><subfield code="d">OCLCF</subfield><subfield code="d">OCLCO</subfield></datafield><datafield ind1="1" ind2=" " tag="029"><subfield code="a">AU@</subfield><subfield code="b">000020106971</subfield></datafield><datafield ind1=" " ind2=" " tag="042"><subfield code="a">pcc</subfield></datafield><datafield ind1=" " ind2=" " tag="043"><subfield code="a">n-us-ca</subfield></datafield><datafield ind1="0" ind2=" " tag="130"><subfield code="a">Mountain View register (Mountain View, Calif. : 1949)</subfield></datafield><datafield ind1="1" ind2="0" tag="245"><subfield code="a">Mountain View register.</subfield></datafield><datafield ind1=" " ind2=" " tag="260"><subfield code="a">Mountain View, Calif. :</subfield><subfield code="b">W. Keene</subfield></datafield><datafield ind1=" " ind2=" " tag="300"><subfield code="a">v.</subfield></datafield><datafield ind1=" " ind2=" " tag="310"><subfield code="a">Daily (except Sat. &amp; Sun.)</subfield></datafield><datafield ind1="0" ind2=" " tag="362"><subfield code="a">Vol. 61, no. 92 (May 12, 1949)-v. 62, no. 21 (Jan. 31, 1950).</subfield></datafield><datafield ind1=" " ind2=" " tag="530"><subfield code="a">Master negatives are available for duplication from:</subfield><subfield code="b">California Newspaper Microfilm Archive;</subfield><subfield code="c">for further information consult the CNMA at:</subfield><subfield code="u">http://cbsr.ucr.edu.</subfield></datafield><datafield ind1=" " ind2="0" tag="651"><subfield code="a">Santa Clara County (Calif.)</subfield><subfield code="v">Newspapers.</subfield></datafield><datafield ind1=" " ind2="7" tag="655"><subfield code="a">Newspapers.</subfield><subfield code="2">fast</subfield><subfield code="0">(OCoLC)fst01423814</subfield></datafield><datafield ind1=" " ind2="7" tag="651"><subfield code="a">California</subfield><subfield code="z">Santa Clara County.</subfield><subfield code="2">fast</subfield><subfield code="0">(OCoLC)fst01206015</subfield></datafield><datafield ind1=" " ind2=" " tag="752"><subfield code="a">United States</subfield><subfield code="b">California</subfield><subfield code="c">Santa Clara</subfield><subfield code="d">Mountain View.</subfield></datafield><datafield ind1="0" ind2="0" tag="780"><subfield code="t">Mountain View register-leader (Mountain View, Calif. : 1910)</subfield><subfield code="w">(DLC)sn 92069508</subfield></datafield><datafield ind1="0" ind2="0" tag="785"><subfield code="t">Mountain View daily register</subfield><subfield code="w">(DLC)sn 93053147</subfield></datafield></record>